@inproceedings{kuhne2008foundation,
  title={Foundation of Traffic Flow Theory I: Greenshields Legacy Highway Traffic},
  author={K{\"u}hne, Reinhart},
  booktitle={Proceedings Symposium on the Fundamental Diagram: 75 years},
  year={2008}
}
@article{fagnant2015preparing,
  title={Preparing a nation for autonomous vehicles: opportunities, barriers and policy recommendations},
  author={Fagnant, Daniel J and Kockelman, Kara},
  journal={Transportation Research Part A: Policy and Practice},
  volume={77},
  pages={167--181},
  year={2015},
  publisher={Elsevier}
}
@article{talebpour2016influence,
  title={Influence of connected and autonomous vehicles on traffic flow stability and throughput},
  author={Talebpour, Alireza and Mahmassani, Hani S},
  journal={Transportation Research Part C: Emerging Technologies},
  volume={71},
  pages={143--163},
  year={2016},
  publisher={Elsevier}
}
@article{stern2017dissipation,
  title={Dissipation of stop-and-go waves via control of autonomous vehicles: Field experiments},
  author={Stern, Raphael E and Cui, Shumo and Monache, Maria Laura Delle and Bhadani, Rahul and Bunting, Matt and Churchill, Miles and Hamilton, Nathaniel and Pohlmann, Hannah and Wu, Fangyu and Piccoli, Benedetto and others},
  journal={arXiv preprint arXiv:1705.01693},
  year={2017}
}
@article{bansal2017forecasting,
  title={Forecasting Americans' long-term adoption of connected and autonomous vehicle technologies},
  author={Bansal, Prateek and Kockelman, Kara M},
  journal={Transportation Research Part A: Policy and Practice},
  volume={95},
  pages={49--63},
  year={2017},
  publisher={Elsevier}
}
@misc{audiusa,
  author="Audiusa.com",
  title="Audi launches first Vehicle-to-Infrastructure (V2I) technology in the U.S. starting in Las Vegas",
  year="2017",
  url="https://www.audiusa.com/newsroom/news/press-releases/2016/12/audi-launches-vehicle-to-infrastructure-tech-in-vegas",
  note="[Online; accessed 8- Nov- 2017]"
}
@misc{centamerprog,
  author="Center for American Progress",
  title="The Impact of Vehicle Automation on Carbon Emissions - Center for American Progress",
  year="2017",
  note={\\
    {[Online; accessed 8- Nov- 2017]. [Online]. Available:}
    \\

    \href{https://www.americanprogress.org/issues/green/reports/2016/11/18/292588/the-impact-ofvehicle-automation-on-carbon-emissions-where-uncertainty-lies/}
            {\nolinkurl{https://www.americanprogress.org/issues/green/reports/2016/11/18/292588/the-impact-ofvehicle-automation-on-carbon-emissions-where-}}
    \\
    \href{https://www.americanprogress.org/issues/green/reports/2016/11/18/292588/the-impact-ofvehicle-automation-on-carbon-emissions-where-uncertainty-lies/}
        {\nolinkurl{uncertainty-lies/}}
        },
}
@inproceedings{jin2014optimal,
  title={Optimal control of connected vehicle systems},
  author={Jin, I Ge and Orosz, G{\'a}bor},
  booktitle={Decision and Control (CDC), 2014 IEEE 53rd Annual Conference on},
  pages={4107--4112},
  year={2014},
  organization={IEEE}
}
@misc{orosz2010traffic,
  title={Traffic jams: dynamics and control},
  author={Orosz, G{\'a}bor and Wilson, R Eddie and St{\'e}p{\'a}n, G{\'a}bor},
  year={2010},
  publisher={The Royal Society}
}
@article{baskar2011traffic,
  title={Traffic control and intelligent vehicle highway systems: a survey},
  author={Baskar, Lakshmi Dhevi and De Schutter, Bart and Hellendoorn, J and Papp, Zoltan},
  journal={IET Intelligent Transport Systems},
  volume={5},
  number={1},
  pages={38--52},
  year={2011},
  publisher={IET}
}
@article{malikopoulos2013optimization,
  title={An optimization framework for driver feedback systems},
  author={Malikopoulos, Andreas A and Aguilar, Juan P},
  journal={IEEE Transactions on Intelligent Transportation Systems},
  volume={14},
  number={2},
  pages={955--964},
  year={2013},
  publisher={IEEE}
}
@inproceedings{chang1991experimentation,
  title={Experimentation with a vehicle platoon control system},
  author={Chang, Kwang-Soo and Li, W and Devlin, P and Shaikhbahai, A and Varaiya, P and Hedrick, JK and McMahon, D and Narendran, V and Swaroop, D and Olds, J},
  booktitle={Vehicle Navigation and Information Systems Conference, 1991},
  volume={2},
  pages={1117--1124},
  year={1991},
  organization={IEEE}
}
@inproceedings{horn2013suppressing,
  title={Suppressing traffic flow instabilities},
  author={Horn, Berthold KP},
  booktitle={Intelligent Transportation Systems-(ITSC), 2013 16th International IEEE Conference on},
  pages={13--20},
  year={2013},
  organization={IEEE}
}
@article{helly1959simulation,
  title={Simulation of bottlenecks in single-lane traffic flow},
  author={Helly, Walter},
  journal={Theory of TRAFFIC FLOW, PROCEEDINGS},
  year={1959}
}
@techreport{futuretruckprogram,
  title={White Paper: Automated Driving and Platooning Issues and Opportunities},
  institution={{ATA Technology and Maintenance Council Future Truck Program}},
  year = {2015},
}
@inproceedings{kavathekar2011vehicle,
  title={Vehicle platooning: A brief survey and categorization},
  author={Kavathekar, Pooja and Chen, YangQuan},
  booktitle={ASME 2011 International Design Engineering Technical Conferences and Computers and Information in Engineering Conference},
  pages={829--845},
  year={2011},
  organization={American Society of Mechanical Engineers}
}
@inproceedings{schakel2010effects,
  title={Effects of cooperative adaptive cruise control on traffic flow stability},
  author={Schakel, Wouter J and Van Arem, Bart and Netten, Bart D},
  booktitle={Intelligent Transportation Systems (ITSC), 2010 13th International IEEE Conference on},
  pages={759--764},
  year={2010},
  organization={IEEE}
}
@inproceedings{pueboobpaphan2010understanding,
  title={Understanding the relation between driver/vehicle characteristics and platoon/traffic flow stability for the design and assessment of cooperative adaptive cruise control.[paper 10-0994 on DVD].},
  author={Pueboobpaphan, R and van Arem, Bart},
  booktitle={Compendium of Papers TRB 89th Annual Meeting.},
  year={2010},
  organization={Mira Digital Publishing}
}
@article{rios2017survey,
  title={A survey on the coordination of connected and automated vehicles at intersections and merging at highway on-ramps},
  author={Rios-Torres, Jackeline and Malikopoulos, Andreas A},
  journal={IEEE Transactions on Intelligent Transportation Systems},
  volume={18},
  number={5},
  pages={1066--1077},
  year={2017},
  publisher={IEEE}
}
@article{lidstrom2012modular,
  title={A modular CACC system integration and design},
  author={Lidstr\"{o}m, Kristoffer and Sjoberg, Katrin and Holmberg, Ulf and Andersson, Johan and Bergh, Fredrik and Bjade, Mattias and Mak, Spencer},
  journal={IEEE Transactions on Intelligent Transportation Systems},
  volume={13},
  number={3},
  pages={1050--1061},
  year={2012},
  publisher={IEEE}
}
@inproceedings{martinec2012vehicular,
  title={Vehicular platooning experiments with racing slot cars},
  author={Martinec, Dan and \v{S}ebek, Michael and Hur{\'a}k, Zden\v{e}k},
  booktitle={Control Applications (CCA), 2012 IEEE International Conference on},
  pages={166--171},
  year={2012},
  organization={IEEE}
}
@inproceedings{jin2018modeling,
  title={Modeling the Impact of Vehicle Platooning on Highway Congestion: A Fluid Queuing Approach},
  author={Jin, Li and {\v{C}}i{\v{c}}i{\v{c}}, Mladen and Amin, Saurabh and Johansson, Karl H},
  booktitle={Proceedings of the 21st International Conference on Hybrid Systems: Computation and Control (part of CPS Week)},
  pages={237--246},
  year={2018},
  organization={ACM}
}
@misc{tti2015congestiondata,
  title={Congestion Data for Your City, Excel spreadsheet of the base statistics for the 101 urban areas and population group summary statistics (College Station, TX: 2015)},
  author={Texas Transportation Institute},
  year={2015},
  note={\\
    {[Online; accessed 29- Apr- 2018]. [Online]. Available:}
    \\
    \href{http://mobility.tamu.edu}
    {\nolinkurl{http://mobility.tamu.edu}}}
}
@misc{ntsaccidents,
  title={Transportation Accidents by Mode},
  author={Bureau of Transportation Statistics},
  note={\\
    {[Online; accessed 29- Apr- 2018]. [Online]. Available:}
    \\
    \href{https://www.bts.gov/content/transportation-accidents-mode}
    {\nolinkurl{https://www.bts.gov/content/transportation-accidents-mode}}}
    }
}

@inproceedings{li2016valuing,
  title={Valuing the safety benefits of connected and automated vehicle technologies},
  author={Li, Tianxin and Kockelman, Kara M},
  booktitle={Transportation Research Board 95th Annual Meeting},
  year={2016}
}

@article{kachroo2017multiscale,
  title={Multiscale Modeling and Control Architecture for V2X Enabled Traffic Streams},
  author={Kachroo, Pushkin and Agarwal, Shaurya and Piccoli, Benedetto and {\"O}zbay, Kaan},
  journal={IEEE Transactions on Vehicular Technology},
  volume={66},
  number={6},
  pages={4616--4626},
  year={2017},
  publisher={IEEE}
}
@BOOK{treiberkestingtfd,
  TITLE = {Traffic Flow Dynamics},
  SUBTITLE = {Data, Models, and Simulation},
  AUTHOR = {Treiber, Martin and Kesting, Arne},
  YEAR = {2013},
  PUBLISHER = {Springer},
}
@BOOK{taylor2005classicalmechanics,
  TITLE = {Classical Mechanics},
  AUTHOR = {Taylor, John R.},
  YEAR = {2005},
  PUBLISHER = {University Science Book},
}
@techreport{badii2014practicalintro,
  title={A Practical Introduction to Traffic Flow Theory and On-ramp Flow Control},
  institution={{California Department of Transportation}},
  author={Anush Badii},
  year = {2014},
}
@ARTICLE{maerivoet2005tft,
   author = {{Maerivoet}, S. and {De Moor}, B.},
    title = "{Traffic Flow Theory}",
  journal = {ArXiv Physics e-prints},
   eprint = {physics/0507126},
 keywords = {Physics and Society},
     year = 2005,
    month = jul,
   adsurl = {http://adsabs.harvard.edu/abs/2005physics...7126M},
  adsnote = {Provided by the SAO/NASA Astrophysics Data System}
}
@misc{nhtsaautomatedlevels,
  author="National Highway Traffic Safety Administration",
  title="Automated Vehicles for Safety",
  year="2018",
  url="https://www.nhtsa.gov/technology-innovation/automated-vehicles-safety",
  note="[Online; accessed 18- July- 2018]"
}
@misc{teslaautopilotpresskit,
  author="Tesla",
  title="Tesla Press Information",
  year="2018",
  url="https://www.tesla.com/presskit/autopilot",
  note="[Online; accessed 18- July- 2018]"
}
@misc{teslaautopilot,
  author="Tesla",
  title="Full Self-Driving Hardware on All Cars",
  year="2018",
  url="https://www.tesla.com/autopilot",
  note="[Online; accessed 18- July- 2018]"
}
@misc{cadmv2017disengagement,
  author="California Department of Motor Vehicles",
  title="Autonomous Vehicle Disengagement Reports 2017",
  year="2017",
  url="https://www.dmv.ca.gov/portal/dmv/detail/vr/autonomous/disengagement_report_2017",
  note="[Online; accessed 19- July- 2018]"
}
@misc{cadmv2018permitholders,
  author="California Department of Motor Vehicles",
  title="Permit Holders (Testing with a Driver)",
  year="2018",
  url="https://www.dmv.ca.gov/portal/dmv/detail/vr/autonomous/permit",
  note="[Online; accessed 19- July- 2018]"
}
@misc{cadmv2016autovels,
  author="California Department of Motor Vehicles",
  title="Autonomous Vehicles in California",
  year="2016",
  url="https://www.nmvb.ca.gov/roundtables/2016/industry/presentations/NMVB_Industry_Roundtable-Autonomous_Vehicles.pdf",
  note="[Online; accessed 19- July- 2018]"
}
@misc{cadmvdisengagementreport,
  author="California Department of Motor Vehicles",
  title="Annual Report of Autonomous Vehicle Disengagement",
  year="2017",
  url="https://www.dmv.ca.gov/portal/wcm/connect/0b712ccd-1e7e-41eb-84fc-f16af0ce6265/ol311r.pdf",
  note="[Online; accessed 19- July- 2018]"
}
@inproceedings{chen2015deepdriving,
  title={Deepdriving: Learning affordance for direct perception in autonomous driving},
  author={Chen, Chenyi and Seff, Ari and Kornhauser, Alain and Xiao, Jianxiong},
  booktitle={Proceedings of the IEEE International Conference on Computer Vision},
  pages={2722--2730},
  year={2015}
}
@misc{cadmvadoptedregulatorytext,
  author="California Department of Motor Vehicles",
  title="Adopted Regulatory Text",
  year="2018",
  url="https://www.dmv.ca.gov/portal/wcm/connect/a6ea01e0-072f-4f93-aa6c-e12b844443cc/DriverlessAV_Adopted_Regulatory_Text.pdf?MOD=AJPERES",
  note="[Online; accessed 19- July- 2018]"
}
@misc{tesla2017vehicletestdata,
  author="Tesla",
  title="Vehicle Test Data for 2017 Reporting Year",
  year="2017",
  url="https://www.dmv.ca.gov/portal/wcm/connect/f965670d-6c03-46a9-9109-0c187adebbf2/Tesla.pdf?MOD=AJPERES",
  note="[Online; accessed 19- July- 2018]"
}
@misc{teslaprivacypolicy,
  author="Tesla",
  title="Customer Privacy Policy",
  year="2018",
  url="https://www.tesla.com/about/legal",
  note="[Online; accessed 19- July- 2018]"
}
@techreport{kalrapaddoc2016rand,
  title={Research Report: How Many Miles of Driving Would It Take to Demonstrate Autonomous Vehicle Reliability?},
  author={Kalra, Nidhi and Paddock, Susan M.},
  institution={{RAND Corporation}},
  year = {2016},
}
@misc{waymoridehailing,
author={Boudette, Neal E.},
title={Waymo to Buy Up to 62,000 Chrysler Minivans for Ride-Hailing Service},
editor={New York Times},
month={May},
year={2018},
url={https://www.nytimes.com/2018/05/31/business/waymo-chrysler-minivans.html},
note="[Online; accessed 20- July- 2018]",
}
@misc{teslamasterplan2,
  author="Tesla",
  title="Master Plan, Part Deux",
  year="2016",
  url="https://www.tesla.com/blog/master-plan-part-deux",
  note="[Online; accessed 19- July- 2018]"
}
@article{rios2017automated,
  title={Automated and cooperative vehicle merging at highway on-ramps},
  author={Rios-Torres, Jackeline and Malikopoulos, Andreas A},
  journal={IEEE Transactions on Intelligent Transportation Systems},
  volume={18},
  number={4},
  pages={780--789},
  year={2017},
  publisher={IEEE}
}
@BOOK{shiffman2012natureofcode,
  TITLE = {The Nature of Code: Simulating Natural Systems with Processings},
  AUTHOR = {Shiffman, Daniel},
  YEAR = {2012},
  PUBLISHER = {The Nature of Code},
}
@BOOK{ogata2014moderncontrol,
  TITLE = {Modern Control Engineering},
  AUTHOR = {Ogata, Katsuhiko},
  YEAR = {2014},
  PUBLISHER = {PHI Learning Private Limited},
}
@BOOK{kirkdover,
  TITLE = {Optimal Control Theory},
  AUTHOR = {Kirk, Donald E.},
  YEAR = {1998},
  PUBLISHER = {Dover Publications Inc.},
}
@article{sussmann1997300,
  title={300 years of optimal control: from the brachystochrone to the maximum principle},
  author={Sussmann, Hector J and Willems, Jan C},
  journal={IEEE Control Systems},
  volume={17},
  number={3},
  pages={32--44},
  year={1997},
  publisher={IEEE}
}
@article{immers2002traffic,
  title={Traffic flow theory},
  author={Immers, LH and Logghe, S},
  journal={Faculty of Engineering, Department of Civil Engineering, Section Traffic and Infrastructure, Kasteelpark Arenberg},
  volume={40},
  pages={21},
  year={2002}
}
@article{hall1996traffic,
  title={Traffic stream characteristics},
  author={Hall, Fred L},
  journal={Traffic Flow Theory. US Federal Highway Administration},
  year={1996}
}
@inproceedings{greenshields1935study,
  title={A study of traffic capacity},
  author={Greenshields, BD and Channing, Ws and Miller, Hh and others},
  booktitle={Highway research board proceedings},
  volume={1935},
  year={1935},
  organization={National Research Council (USA), Highway Research Board}
}
@article{levedahl2010platooning,
  title={Platooning dynamics and control on an intelligent vehicular transport system},
  author={Levedahl, Alexander and Morales, Froylan and Mouzakitis, George},
  journal={CSOIS, Utah State University},
  pages={1--7},
  year={2010}
}
@techreport{romberg1971aerodynamics,
  title={Aerodynamics of race cars in drafting and passing situations},
  author={Romberg, GF and Chianese, F and Lajoie, RG},
  year={1971},
  institution={SAE Technical Paper}
}
@article{zdravkovich1977review,
  title={Review of flow interference between two circular cylinders in various arrangements},
  author={Zdravkovich, MM},
  journal={Journal of Fluids Engineering},
  volume={99},
  number={4},
  pages={618--633},
  year={1977},
  publisher={American Society of Mechanical Engineers}
}
@article{zabat1995aerodynamic,
  title={The aerodynamic performance of platoons: A final report},
  author={Zabat, Michael and Stabile, Nick and Farascaroli, Stefano and Browand, Frederick},
  year={1995}
}
@article{jin2014dynamics,
  title={Dynamics of connected vehicle systems with delayed acceleration feedback},
  author={Jin, I Ge and Orosz, G{\'a}bor},
  journal={Transportation Research Part C: Emerging Technologies},
  volume={46},
  pages={46--64},
  year={2014},
  publisher={Elsevier}
}
